<?xml version="1.0" encoding="UTF-8"?><record xmlns="http://www.loc.gov/MARC21/slim" xmlns:cinclude="http://apache.org/cocoon/include/1.0" xmlns:zs="http://www.loc.gov/zing/srw/">
  <leader>00441nz  a2200133n  4500</leader>
  <controlfield tag="001">no 00082117 </controlfield>
  <controlfield tag="003">DLC</controlfield>
  <controlfield tag="005">20001010064521.0</controlfield>
  <controlfield tag="008">001009n| acannaabn          |n aaa     c</controlfield>
  <datafield tag="010" ind1=" " ind2=" ">
    <subfield code="a">no 00082117 </subfield>
  </datafield>
  <datafield tag="035" ind1=" " ind2=" ">
    <subfield code="a">(OCoLC)oca05329703</subfield>
  </datafield>
  <datafield tag="040" ind1=" " ind2=" ">
    <subfield code="a">OCl</subfield>
    <subfield code="b">eng</subfield>
    <subfield code="c">OCl</subfield>
  </datafield>
  <datafield tag="100" ind1="1" ind2=" ">
    <subfield code="a">Gedult, David,</subfield>
    <subfield code="d">1897-1981</subfield>
  </datafield>
  <datafield tag="670" ind1=" " ind2=" ">
    <subfield code="a">Blackmar, Diemer &amp; Gedult, c1998:</subfield>
    <subfield code="b">t.p. (David Gedult) p. v, etc. (amateur chessplayer; b. May 10, 1897 in Warsaw, Poland; d. May 20, 1981)</subfield>
  </datafield>
</record>